 @comment{ Kristina Toutanova and Christopher D. Manning. 2000. Enriching the 
           Knowledge Sources Used in a Maximum Entropy Part-of-Speech Tagger. 
           In Proceedings of the Joint SIGDAT Conference on Empirical Methods 
           in Natural Language Processing and Very Large Corpora 
           (EMNLP/VLC-2000), pp. 63-70. }
@inproceedings{toutanova2000,
 author = "Kristina Toutanova and Christopher D. Manning",
 title = "Enriching the Knowledge Sources Used in a Maximum Entropy Part-of-Speech Tagger",
 booktitle = "Proceedings of the Joint SIGDAT Conference on Empirical Methods in Natural Language Processing and Very Large Corpora (EMNLP/VLC-2000)",
 pages = "63--70",
 year = 2000
}

 @comment{ Danqi Chen and Christopher D Manning. 2014. A Fast and Accurate 
           Dependency Parser using Neural Networks. Proceedings of EMNLP 2014 }
@inproceedings{chen2014,
 author = "Danqi Chen and Christopher D Manning",
 booktitle = "Proceedings of EMNLP 2014",
 title = "A {Fast} and {Accurate} {Dependency} {Parser} using {Neural} {Networks}",
 year = 2014
}

 @comment{ John Duchi, Elad Hazan, and Yoram Singer. 2011. Adaptive 
           subgradient methods for online learning and stochastic 
           optimization. The Journal of Machine Learning Research. }
@article{duchi2011,
 author = "John Duchi and Elad Hazan and Yoram Singer",
 year = "2011",
 title = "Adaptive subgradient methods for online learning and stochastic optimization",
 journal = "The Journal of Machine Learning Research"
}

@article{Abadi2015TensorFlowLM,
  title={TensorFlow: Large-Scale Machine Learning on Heterogeneous Distributed Systems},
  author={Mart{\'i}n Abadi and Ashish Agarwal and Paul Barham and Eugene Brevdo and Zhifeng Chen and Craig Citro and Gregory S. Corrado and Andy Davis and Jeffrey Dean and Matthieu Devin and Sanjay Ghemawat and Ian J. Goodfellow and Andrew Harp and Geoffrey Irving and Michael Isard and Yangqing Jia and Rafal J{\'o}zefowicz and Lukasz Kaiser and Manjunath Kudlur and Josh Levenberg and Dan Man{\'e} and Rajat Monga and Sherry Moore and Derek Gordon Murray and Chris Olah and Mike Schuster and Jonathon Shlens and Benoit Steiner and Ilya Sutskever and Kunal Talwar and Paul A. Tucker and Vincent Vanhoucke and Vijay Vasudevan and Fernanda B. Vi{\'e}gas and Oriol Vinyals and Pete Warden and Martin Wattenberg and Martin Wicke and Yuan Yu and Xiaoqiang Zheng},
  journal={CoRR},
  year={2015},
  volume={abs/1603.04467}
}

@article{PradhanHMPRW07,
  author    = {Sameer S. Pradhan and
               Eduard H. Hovy and
               Mitchell P. Marcus and
               Martha Palmer and
               Lance A. Ramshaw and
               Ralph M. Weischedel},
  title     = {Ontonotes: a Unified Relational Semantic Representation},
  journal   = {Int. J. Semantic Computing},
  volume    = {1},
  number    = {4},
  pages     = {405--419},
  year      = {2007},
}

@phdthesis{Choi:2012,
 author = {Choi, Jinho D.},
 advisor = {Palmer, Martha},
 title = {Optimization of Natural Language Processing Components for Robustness and Scalability},
 year = {2012},
 isbn = {978-1-267-85392-9},
 note = {AAI3549172},
 school = {University of Colorado at Boulder},
 address = {Boulder, CO, USA},
}

@article{mg08,
author = {Gerard de Melo and Fabian Suchanek and Adam Pease},
journal = {Proceedings of the 20th IEEE International Conference on Tools with Artificial Intelligence},
title = {{Integrating YAGO into the Suggested Upper Merged Ontology}},
year = {2008},
}
 @comment{ Jenny Rose Finkel, Trond Grenager, and Christopher Manning. 2005. 
           Incorporating Non-local Information into Information Extraction 
           Systems by Gibbs Sampling. Proceedings of the 43nd Annual Meeting 
           of the Association for Computational Linguistics (ACL 2005), pp. 
           363-370. http://nlp.stanford.edu/~manning/papers/gibbscrf3.pdf }
@inproceedings{finkel2005,
 author = "Jenny Rose Finkel and Trond Grenager and Christopher Manning",
 booktitle = "Proceedings of the 43nd Annual Meeting 
           of the Association for Computational Linguistics (ACL 2005)",
 title = "Incorporating {Non}-local {Information} into {Information} {Extraction} {Systems} by {Gibbs} {Sampling}. {Proceedings} of the 43nd {Annual} {Meeting} of the {Association} for {Computational} {Linguistics} ({ACL}",
 volume = "",
 pages = "363--370",
 year = 2005, 
}

@book{Manning:2008:IIR:1394399,
 author = {Manning, Christopher D. and Raghavan, Prabhakar and Sch\"{u}tze, Hinrich},
 title = {Introduction to Information Retrieval},
 year = {2008},
 isbn = {0521865719, 9780521865715},
 publisher = {Cambridge University Press},
 address = {New York, NY, USA},
} 

@book{p11,
author = {Adam Pease},
publisher = {Articulate Software Press},
address = {Angwin, CA},
title = {{Ontology: A Practical Guide}},
year = {2011},
}

@inproceedings{np01,
author = {Ian Niles and Adam Pease},
booktitle = "Proceedings of the 2nd International Conference on Formal Ontology in Information Systems (FOIS-2001)",
editor = {Chris Welty and Barry Smith},
title = {{Toward a Standard Upper Ontology}},
pages = {2--9},
year = {2001},
}

@Book{Fellbaum1998,
  editor =	 "Christiane Fellbaum",
  title =	 "{WordNet}: An Electronic Lexical Database",
  booktitle =	 "{WordNet}: An Electronic Lexical Database",
  publisher =	 "MIT Press",
  year =	 1998
}

@inproceedings{DBLP:conf/nips/MikolovSCCD13,
  author    = {Tomas Mikolov and
               Ilya Sutskever and
               Kai Chen and
               Gregory S. Corrado and
               Jeffrey Dean},
  title     = {Distributed Representations of Words and Phrases and their Compositionality},
  booktitle = {Advances in Neural Information Processing Systems 26: 27th Annual
               Conference on Neural Information Processing Systems 2013. Proceedings
               of a meeting held December 5-8, 2013, Lake Tahoe, Nevada, United States.},
  pages     = {3111--3119},
  year      = {2013},
}

@article{DBLP:journals/corr/abs-1301-3781,
  author    = {Tomas Mikolov and Kai Chen and Greg Corrado and Jeffrey Dean},
  title     = {Efficient Estimation of Word Representations in Vector Space},
  journal   = {CoRR},
  volume    = {abs/1301.3781},
  year      = {2013},
}

 @comment{ Shan Wang and Francis Bond (2013) Theoretical and Practical Issues 
           in Creating Chinese Open Wordnet (COW). Paper presented at The 7th 
           International Conference on Contemporary Chinese Grammar (ICCCG-7), 
           Nanyang Technological University, Singapore. }
@inproceedings{wang2013theoretical,
 author = "Shan Wang and Francis Bond",
 title = "Theoretical and Practical Issues in Creating Chinese Open Wordnet ({COW})",
 booktitle = "7th {International} {Conference} on {Contemporary} {Chinese} {Grammar} ({ICCCG}-7), {Nanyang} {Technological} {University}, {Singapore}",
 year = 2013
}

@incollection{DBLP:books/daglib/p/BondFHHPV14,
  author    = {Francis Bond and
               Christiane Fellbaum and
               Shu{-}Kai Hsieh and
               Chu{-}Ren Huang and
               Adam Pease and
               Piek Vossen},
  title     = {A Multilingual Lexico-Semantic Database and Ontology},
  booktitle = {Towards the Multilingual Semantic Web, Principles, Methods and Applications},
  pages     = {243--258},
  year      = {2014},
}

 @comment{ Cai, Q., Gung, J., Guan, M., Kurlandski,G., and Pease, A., (2016). 
           Word Substitution in Short Answer Extraction: A WordNet-based 
           Approach, in Proceedings of the Eighth Global WordNet Conference, 
           Verginica Barbu Mititelu, Corina Forascu, Christiane Fellbaum, Piek 
           Vossen (eds), pp 66-73. }
@inproceedings{cai2016,
 author = "Qingqing Cai and James Gung and Maochen Guan and Gerald Kurlandski and Adam Pease",
 title = "Word Substitution in Short Answer Extraction: A WordNet-based Approach",
 booktitle = "{Proceedings} of the {Eighth} {Global} {WordNet} {Conference}",
 editor = "Verginica Barbu Mititelu and Corina Forascu and Christiane Fellbaum and Piek Vossen",
 year = 2016,
}

@incollection{LandesLeacock,
  author    = {S. Landes and C. Leacock and R. Tengi},
  year      = {1998},
  title     = {Building semantic concordances},
  booktitle = {WordNet: An Electronic Lexical Database},
  editor    = {Fellbaum, C.},
  address = "Cambridge (Mass.)",
  series={Language, Speech, and Communication},
  url={http://books.google.com.hk/books?id=Rehu8OOzMIMC},
  publisher={MIT Press}
}

 @comment{ Kucera and Francis, W.N. (1967). Computational Analysis of 
           Present-Day American English. Providence: Brown University Press.  }
@book{kucera1967computational,
 author = "Kucera and Francis, W. N.",
 title = "Computational Analysis of Present-Day American English",
 publisher = "Providence: Brown University Press",
 year = 1967
}

@inproceedings{conf/emnlp/SnowPJN07,
  added-at = {2013-11-19T11:46:33.000+0100},
  author = {Snow, Rion and Prakash, Sushant and Jurafsky, Daniel and Ng, Andrew Y.},
  booktitle = {EMNLP-CoNLL},
  pages = {1005-1014},
  publisher = {ACL},
  title = {Learning to Merge Word Senses.},
  year = 2007
}

@article{crammer2006online,
  title={Online passive-aggressive algorithms},
  author={Crammer, Koby and Dekel, Ofer and Keshet, Joseph and Shalev-Shwartz, Shai and Singer, Yoram},
  journal={The Journal of Machine Learning Research},
  volume={7},
  pages={551--585},
  year={2006},
  publisher={JMLR. org}
}

@inproceedings{li2002learning,
  title={Learning question classifiers},
  author={Li, Xin and Roth, Dan},
  booktitle={Proceedings of the 19th international conference on Computational linguistics-Volume 1},
  pages={1--7},
  year={2002},
  organization={Association for Computational Linguistics}
}

 @comment{ Roger Levy and Galen Andrew. 2006. Tregex and Tsurgeon: tools for 
           querying and manipulating tree data structures. 5th International 
           Conference on Language Resources and Evaluation (LREC 2006). }
@inproceedings{levy2006,
 author = "Roger Levy and Galen Andrew",
 booktitle = "5th International Conference on Language Resources and Evaluation (LREC 2006)",
 title = "Tregex and {Tsurgeon}: tools for querying and manipulating tree data structures",
 year = 2006
}

 
@InProceedings{Danescu-Niculescu-Mizil+Lee:11a,
  author={Cristian Danescu-Niculescu-Mizil and Lillian Lee},
  title={Chameleons in imagined conversations: 
  A new approach to understanding coordination of linguistic style in dialogs.},
  booktitle={Proceedings of the 
        Workshop on Cognitive Modeling and Computational Linguistics, ACL 2011},
  year={2011}
}

@inproceedings{Godfrey:1992:STS:1895550.1895693,
 author = {Godfrey, John J. and Holliman, Edward C. and McDaniel, Jane},
 title = {SWITCHBOARD: Telephone Speech Corpus for Research and Development},
 booktitle = {Proceedings of the 1992 IEEE International Conference on Acoustics, Speech and Signal Processing - Volume 1},
 series = {ICASSP'92},
 year = {1992},
 isbn = {0-7803-0532-9},
 location = {San Francisco, California},
 pages = {517--520},
 numpages = {4},
 url = {http://dl.acm.org/citation.cfm?id=1895550.1895693},
 acmid = {1895693},
 publisher = {IEEE Computer Society},
 address = {Washington, DC, USA},
} 

@inproceedings{DBLP:conf/sigdial/LowePSP15,
  author    = {Ryan Lowe and
               Nissan Pow and
               Iulian Serban and
               Joelle Pineau},
  title     = {The Ubuntu Dialogue Corpus: {A} Large Dataset for Research in Unstructured
               Multi-Turn Dialogue Systems},
  booktitle = {Proceedings of the {SIGDIAL} 2015 Conference, The 16th Annual Meeting
               of the Special Interest Group on Discourse and Dialogue, 2-4 September
               2015, Prague, Czech Republic},
  pages     = {285--294},
  year      = {2015},
}

@article{journals/lre/ChenK13,
  added-at = {2013-05-31T00:00:00.000+0200},
  author = {Chen, Tao and Kan, Min-Yen},
  biburl = {http://www.bibsonomy.org/bibtex/297095cd335f399f3e8b72da5074bde6b/dblp},
  ee = {http://dx.doi.org/10.1007/s10579-012-9197-9},
  interhash = {3e605e96bb08c6e0beb423dbf3b267bf},
  intrahash = {97095cd335f399f3e8b72da5074bde6b},
  journal = {Language Resources and Evaluation},
  keywords = {dblp},
  number = 2,
  pages = {299-335},
  timestamp = {2013-08-13T12:54:56.000+0200},
  title = {Creating a live, public short message service corpus: the NUS SMS corpus.},
  url = {http://dblp.uni-trier.de/db/journals/lre/lre47.html#ChenK13},
  volume = 47,
  year = 2013
}

 @comment{ Eric N. Forsyth and Craig H. Martell, "Lexical and Discourse 
           Analysis of Online Chat Dialog," Proceedings of the First IEEE 
           International Conference on Semantic Computing (ICSC 2007), pp. 
           19-26, September 2007. }
@inproceedings{forsyth2007lexical,
 author = "Eric N. Forsyth and Craig H. Martell",
 title = "Lexical and Discourse Analysis of Online Chat Dialog",
 booktitle = "Proceedings of the First {IEEE} International Conference on Semantic Computing ({ICSC} 2007)",
 month = sep,
 pages = "19--26",
 year = 2007
}

@Article{Wiebe2005,
author="Wiebe, Janyce
and Wilson, Theresa
and Cardie, Claire",
title="Annotating Expressions of Opinions and Emotions in Language",
journal="Language Resources and Evaluation",
year="2005",
volume="39",
number="2",
pages="165--210",
abstract="This paper describes a corpus annotation project to study issues in the manual annotation of opinions, emotions, sentiments, speculations, evaluations and other private states in language. The resulting corpus annotation scheme is described, as well as examples of its use. In addition, the manual annotation process and the results of an inter-annotator agreement study on a 10,000-sentence corpus of articles drawn from the world press are presented.",
issn="1572-0218",
doi="10.1007/s10579-005-7880-9",
url="http://dx.doi.org/10.1007/s10579-005-7880-9"
}

@article{DBLP:journals/jar/UrbanRS13,
  author    = {Josef Urban and
               Piotr Rudnicki and
               Geoff Sutcliffe},
  title     = {{ATP} and Presentation Service for Mizar Formalizations},
  journal   = {J. Autom. Reasoning},
  volume    = {50},
  number    = {2},
  pages     = {229--241},
  year      = {2013},
}

@inproceedings{DBLP:conf/birthday/UrbanV13,
  author    = {Josef Urban and
               Jir{\'{\i}} Vyskocil},
  title     = {Theorem Proving in Large Formal Mathematics as an Emerging {AI} Field},
  booktitle = {Automated Reasoning and Mathematics - Essays in Memory of William
               W. McCune},
  pages     = {240--257},
  year      = {2013},
}

@incollection{B14,
	Address = {London, UK},
	Author = {Christoph Benzm\"uller},
	Booktitle = {All about Proofs, Proof for All},
	Editor = {David Delahaye and Woltzenlogel Paleo, Bruno},
	Pages = {171-214},
	Publisher = {College Publications},
	Series = {Mathematical Logic and Foundations},
	Title = {Higher-Order Automated Theorem Provers},
	Year = 2015,
}

@misc{SemRewrite2016,
  author={Adam Pease},
  year={2016},
  title={Semantic Rewriting},
  howpublished={unpublished technical report}
}

@inproceedings{Serban:2016:BED:3016387.3016435,
 author = {Serban, Iulian V. and Sordoni, Alessandro and Bengio, Yoshua and Courville, Aaron and Pineau, Joelle},
 title = {Building End-to-end Dialogue Systems Using Generative Hierarchical Neural Network Models},
 booktitle = {Proceedings of the Thirtieth AAAI Conference on Artificial Intelligence},
 series = {AAAI'16},
 year = {2016},
 location = {Phoenix, Arizona},
 pages = {3776--3783},
 numpages = {8},
 url = {http://dl.acm.org/citation.cfm?id=3016387.3016435},
 acmid = {3016435},
 publisher = {AAAI Press},
} 

@misc{Suzette,
  title={Suzette, the Most Human Computer},
  howpublished={http://www.gamasutra.com/blogs/BruceWilcox/20110622/7840/Suzette_the_Most_Human_Computer.php},
  year={2011},
  author={Bruce Wilcox and Sue Wilcox}
}

@book{KampReyle93,
  author = {Hans Kamp and Uwe Reyle},
  title = {{From Discourse to Logic. Introduction to
                  Modeltheoretic Semantics of Natural Language, Formal
                  Logic and Discourse Representation Theory}},
  publisher = {Kluwer},
  year = {1993},
  address = {Dordrecht}
}

@inproceedings{SutcliffeTFF,
    author = {Geoff Sutcliffe and Stephan Schulz and Koen Claessen and Peter Baumgartner},
    title = {{The TPTP Typed First-order Form with Arithmetic}},
booktitle = "International Conference on Logic for Programming Artificial Intelligence and Reasoning
(LPAR 2012)",
    pages = {406--419},
    year = {2012}
}

@inproceedings{Kovacs:2013:FTP:2958031.2958033,
 author = {Kov\'{a}cs, Laura and Voronkov, Andrei},
 title = {First-Order Theorem Proving and Vampire},
 booktitle = "Proceedings of the 25th International Conference on 
Computer Aided Verification",
 series = {CAV 2013},
 volume = {8044},
 year = {2013},
 isbn = {978-3-642-39798-1},
 location = {Saint Petersburg, Russia},
 pages = {1--35},
 numpages = {35},
 url = {http://dx.doi.org/10.1007/978-3-642-39799-8_1},
 doi = {10.1007/978-3-642-39799-8_1},
 acmid = {2958033},
 publisher = {Springer-Verlag New York, Inc.},
 address = {New York, NY, USA},
} 

@inproceedings{Sutcliffe:2007:TTC:2391910.2391914,
 author = {Sutcliffe, Geoff},
 title = {{TPTP, TSTP, CASC, etc.}},
 booktitle = "Proceedings of the Second International Conference on 
Computer Science: Theory and Applications",
 series = {CSR'07},
 year = {2007},
 isbn = {3-540-74509-2, 978-3-540-74509-9},
 location = {Ekaterinburg, Russia},
 pages = {6--22},
 numpages = {17},
 url = {http://dl.acm.org/citation.cfm?id=2391910.2391914},
 acmid = {2391914},
 publisher = {Springer-Verlag},
 address = {Berlin, Heidelberg},
} 

@inProceedings{ps14,
author={Adam Pease and Stephan Schulz}, 
year={2014},
title={{Knowledge Engineering for Large Ontologies with Sigma KEE 3.0}},
booktitle={{The International Joint Conference on Automated Reasoning}}
} 

@misc{BaldwinLessmann,
  howpublished={\url{https://www.scientificamerican.com/article/what-is-russells-paradox/}},
  title={{What is Russell's paradox?}},
  author={John T. Baldwin and Olivier Lessmann},
  publisher={Scientific American (blog)},
  year={2018}
}
  
@misc{peaseThesis,
title={{Formal Ontology for Linguistic Semantics}},
type={{Doctoral Dissertation}},
year={2014},
school={{Hong Kong Polytechnic University}},
author={{Adam Pease}}
}

@article{pcc14,
title = {{Formal Ontology for Discourse Analysis of a Corpus of Legal 
Interpreting, to appear}},
year = {2014},
author = {Adam Pease and Jennifer Cheung and Andrew Cheung},
}

@article{rp14,
author={Steven Reed and Adam Pease},
title={{A framework for constructing cognition ontologies using WordNet, 
FrameNet and SUMO}},
journal={{Cognitive Systems Research}},
publisher={{Elsevier}},
year={2015}
}

@inProceedings{ps14,
author={Adam Pease and Stephan Schulz}}, 
year={2014},
title={{Knowledge Engineering for Large Ontologies with Sigma KEE 3.0}},
booktitle={{The International Joint Conference on Automated Reasoning}}
} 

@book{p14,
author = {Adam Pease},
publisher = {Springer-Verlag},
title = {{Ontology: A Practical Guide (2nd edition), to appear}},
year = {2015},
}

@misc{PeaseCheungCheung2014-2,
title = {{Formalizing Translation Gaps: Using Ontology as a Language-Independent 
Tool for Classification in a Legal Interpreting Corpus, to appear.}},
year = {2014},
author = {Adam Pease and Jennifer Cheung and Andrew Cheung},
}

@misc{BondEtAl2014,
title = {{A Multilingual Lexico-Semantic Database and Ontology}},
year = {2014},
author = {Francis Bond and Christiane Fellbaum and Shu-Kai Hsieh and Chu-Ren 
Huang and Adam Pease and Piek Vossen},
booktitle={{Towards the Multilingual Semantic Web}},
publisher={Springer},
editor={Paul Buitelaar and Philipp Cimiano},
}

@inproceedings{CheungPeaseCheung2014,
author = {Jennifer Cheung and Adam Pease and Andrew Cheung},
year = {2014},
title = {{Translation of First Person Pronouns in a Legal Corpus: A Contrary 
Study (Abstract)}},
booktitle = {{Second Asia Pacific Corpus Linguistics Conference (APCLC 2014)}},
editor = "Winnie Cheng",
}

@inproceedings{PeaseCheungCheung2014,
author = {Adam Pease and Jennifer Cheung and Andrew Cheung},
year = {2014},
title = {{Formal Ontology for Discourse Analysis on a Legal Corpus (Abstract)}},
booktitle = {{Second Asia Pacific Corpus Linguistics Conference (APCLC 2014)}},
editor = "Winnie Cheng", 
}

@inproceedings{sp13,
author = {Michal Svarny and Adam Pease},
publisher = {Airlangga University Press},
booktitle = {{Proceedings of AsiaLex 2013}},
editor = {Deny Kwary},
title = {{A logical dictionary with granular process definitions}},
year = {2013},
}

@inproceedings{cpc13,
author = {Jennifer Cheung and Adam Pease and Andrew Cheung},
publisher = {Airlangga University Press},
booktitle = {{Proceedings of AsiaLex 2013}},
editor = {Deny Kwary},
title = {{Application of Formal Ontology to Discourse Analysis and Lexical 
Markup in Legal Interpreting}},
year = {2013},
}

@article{ac13,
author = {Adam Pease and Christoph Benzm\"{u}ller},
journal = {AI Communications},
pages = {9-97},
title = {{Sigma: An Integrated Development Environment for Logical Theories}},
volume = {26},
year = {2013},
}

@inproceedings{ac10,
address = {Lisbon, Portugal},
author = {Adam Pease and Christoph Benzm\"{u}ller},
booktitle = {{Proceedings of the ECAI 2010 Workshop on Intelligent Engineering 
Techniques for Knowledge Bases (I-KBET-2010)}},
title = {{Sigma: An Integrated Development Environment for Logical Theories}},
year = {2010},
}

@inproceedings{pln12,
address = {Matsue, Japan},
author = {Adam Pease and John Li and Karen Nomorosa},
booktitle = {{Proceedings of the 6th International Global Wordnet Conference 
(GWC2012)}},
title = {{WordNet and SUMO for Sentiment Analysis}},
year = {2012},
}

@incollection{bp12,
author = {Christoph Benzm\"{u}ller and Adam Pease},
booktitle = {{Special issue on Reasoning with context in the Semantic Web}},
editor = {Jos Lehmann, Ivan José Varzinczak and Alan Bundy},
volume = {12-13},
publisher = {Science, Services and Agents on the World Wide Web},
title = {{Higher-Order Aspects and Context in SUMO}},
year = {2012},
}

@inproceedings{sp11,
address = {Banff, Canada},
author = {Geoff Sutcliffe and Adam Pease},
booktitle = {{Proceedings of the Deep Knowledge Representation Challenge 
Workshop}},
title = {{Why is Surface Area Important to Normal Cell Function?}},
year = {2011},
}

@book{p11,
author = {Adam Pease},
publisher = {Articulate Software Press},
address = {Angwin, CA},
title = {{Ontology: A Practical Guide}},
year = {2011},
}

@article{cmop10,
author = {Jefferey Cua and Ruli Manurung and Ethel Ong and Adam Pease},
journal = {{Proceedings of the NAACL HLT 2010 Second Workshop on Computational 
Approaches to Linguistic Creativity}},
title = {{Representing Story Plans in SUMO}},
year = {2010},
}

@incollection{bp10,
address = {Edinburgh, UK},
author = {Christoph Benzm\"{u}ller and Adam Pease},
booktitle = {{Workshop on Practical Aspects of Automated Reasoning 
(PAAR-2010)}},
editor = {Boris Konev and Renate Schmidt and Stephan Schulz},
publisher = {CEUR Workshop Proceedings},
title = {{Progress in automating higher-order ontology reasoning}},
year = {2010},
}

@article{pb10,
author = {Adam Pease and Christoph Benzm\"{u}ller},
journal = {The ECAI-10 Workshop on Automated Reasoning about Context and 
Ontology Evolution},
month = {August},
title = {{Ontology Archaeology: Mining a Decade of Effort on the Suggested Upper 
Merged Ontology}},
year = {2010},
}

@article{ca10,
author = {Christoph Benzm\"{u}ller and Adam Pease},
journal = {{The ECAI-10 Workshop on Automated Reasoning about Context and 
Ontology Evolution}},
month = {August},
title = {{Reasoning with Embedded Formulas and Modalities in SUMO}},
year = {2010},
}

@incollection{pf10,
address = {Cambridge},
author = {Adam Pease and Christiane Fellbaum},
booktitle = {{Ontologies and Lexical Resources}},
editor = {Chu-Ren Huang},
publisher = {Cambridge University Press},
title = {{Formal Ontology as Interlingua: The SUMO and WordNet Linking Project 
and GlobalWordNet}},
year = {2010},
}

@incollection{pl10,
author = {Adam Pease and John Li},
booktitle = {{Theory and Applications of Ontology}},
editor = {Roberto Poli and Michael Healy and Achilles Kameas},
publisher = {Springer},
title = {{Controlled English to Logic Translation}},
year = {2010},
}

@incollection{bprd10,
address = {Mumbai, India},
author = {Anthony Borra and Adam Pease and Rachael Roxas and Shirley Dita},
booktitle = {{Principles of Construction and Application of Multilingual 
Wordnets: Proceedings of the 5th Global WordNet Conference}},
editor = {Pushpak Bhattacharyya and Christiane Fellbaum and Piek Vossen},
pages = {306-310},
publisher = {Narosa pub},
title = {{Introducing Filipino WordNet}},
year = {2010},
}

@article{psst10,
author = {Adam Pease and Geoff Sutcliffe and Nick Siegel and Steven Trac},
journal = {{AI Communications, Special issue on Practical Aspects of Automated 
Reasoning}},
number = {2-3},
pages = {137-144},
title = {{Large Theory Reasoning with SUMO at CASC}},
volume = {23},
year = {2010},
}

@inproceedings{p09,
address = {Cebu, Philippines},
author = {Adam Pease},
booktitle = {{Proceedings of the 22nd Pacific Asia Conference on Language, 
Information and Computation}},
pages = {58-64},
title = {{A Call for Executable Linguistic Research}},
year = {2008},
}

@article{mg08,
author = {Gerard de Melo and Fabian Suchanek and Adam Pease},
journal = {Proceedings of the 20th IEEE International Conference on Tools with 
Artificial Intelligence},
title = {{Integrating YAGO into the Suggested Upper Merged Ontology}},
year = {2008},
}

@inproceedings{tsp08,
author = {Steven Trac and Geoff Sutcliffe and Adam Pease},
booktitle = {{Proceedings of IJCAR '08 Workshop on Practical Aspects of 
Automated Reasoning (PAAR-2008)}},
publisher = {CEUR Workshop Proceedings},
title = {{Integration of the TPTPWorld into SigmaKEE}},
year = {2008},
}

@inproceedings{psst08,
author = {Adam Pease and Geoff Sutcliffe and Nick Siegel and Steven Trac},
booktitle = {{Proceedings of IJCAR '08 Workshop on Practical Aspects of 
Automated Reasoning (PAAR-2008)}},
publisher = {CEUR Workshop Proceedings},
title = {{The Annual SUMO Reasoning Prizes at CASC}},
year = {2008},
}

@incollection{pr08,
author = {Adam Pease and Geoffrey Rust},
booktitle = {{Semantic Web Methodologies for E-Business Applications}},
editor = {Roberto Garcia},
publisher = {IGI publishing},
title = {{Formal Ontology for Media Rights Transactions}},
year = {2008},
}

@inproceedings{pfv08,
address = {Seoul, South Korea},
author = {Adam Pease and Christiane Fellbaum and Piek Vossen},
booktitle = {{Proceedings of the CIL-18 Workshop on Linguistic Studies of 
Ontology}},
title = {{Building the Global WordNet Grid}},
year = {2008},
}

@inproceedings{ps07,
author = {Adam Pease and Geoff Sutcliffe},
booktitle = {{Proceedings of the CADE-21 workshop on Empirically Successful 
Automated Reasoning on Large Theories (ESARLT)}},
title = {{First Order Reasoning on a Large Ontology}},
year = {2007},
}

@inproceedings{effpb06,
address = {Cairo},
author = {Sabri Elkateb and Juan Farreres and Christiane Fellbaum and Adam 
Pease and William Black},
booktitle = {{Proceedings of the 6th International conference on Language 
Engineeing}},
title = {{Arabic WordNet: A Linguistic Resource with a Deep Formal Semantic 
Foundation}},
year = {2006},
}

@inproceedings{spe06,
author = {Jan Scheffczyk and Adam Pease and Michael Ellsworth},
booktitle = {{Proceedings of Formal Ontology in Information Systems 
(FOIS-2006)}},
editor = {B. Bennett and Christiane Fellbaum},
pages = {289-300},
publisher = {IOS Press},
title = {{Linking FrameNet to the Suggested Upper Merged Ontology}},
year = {2006},
}

@inproceedings{ebravpf06,
author = {Sabri Elkateb and William Black and Horatio Rodriguez and Musa 
Alkhalifa and Piek Vossen and Adam Pease and Christiane Fellbaum},
booktitle = {{Proceedings of The fifth international conference on Language 
Resources and Evaluation (LREC 2006)}},
title = {{Building a WordNet for Arabic}},
year = {2006},
}

@inproceedings{beravpf06,
address = {Choi, Fellbaum and Vossen},
author = {William Black and Sabri Elkateb and Horatio Rodriguez and Musa 
Alkhalifa and Piek Vossen and Adam Pease and Christiane Fellbaum},
booktitle = {{Proceedings of the Third International WordNet Conference}},
publisher = {Sojka},
title = {{Introducing the Arabic WordNet Project}},
year = {2006},
}

@incollection{npsz06,
author = {Matthias Nickles and Adam Pease and Andrea Schalley and Dietmar 
Zaefferer},
booktitle = {{Ontolinguistics: How Ontological Status Shapes the Linguistic 
Coding of Concepts}},
publisher = {Mouton de Gruyter},
title = {{Ontologies across disciplines}},
year = {2006},
}

@incollection{p06,
address = {New York},
author = {Adam Pease},
booktitle = {{Ontolinguistics: How Ontological Status Shapes the Linguistic 
Coding of Concepts}},
publisher = {Mouton de Gruyter},
title = {{Formal representation of concepts: The Suggested Upper Merged 
Ontology and its use in linguistics}},
year = {2006},
}

@article{gp06,
author = {Theodore Gordon and Adam Pease},
journal = {Technological Forecasting and Social Change},
pages = {321-333},
title = {{RT Delphi: An Efficient, "Round-less", Almost Real Time Delphi 
Method}},
volume = {73},
year = {2006},
}

@inproceedings{rpl04,
address = {Las Vegas, NV},
author = {James Reynolds and Adam Pease and John Li},
booktitle = {{Proceedings of the IEEE 2004 International Conference on 
Information and Knowledge Engineering}},
title = {{Analogy and Deduction for Knowledge Discovery}},
year = {2004},
}

@incollection{pl04,
address = {Stanford, CA, USA},
author = {Adam Pease and John Li},
booktitle = {{In Agent Mediated Knowledge Management International Symposium 
AMKM 2003}},
editor = {Luder van Elst and Virginia Dignum and Andreas Abecker},
title = {{Agent-Mediated Knowledge Engineering Collaboration}},
series = {Revised and Invited Papers Series: Lecture Notes in Computer Science 
Series: Lecture Notes in Artificial Intelligence},
year = {2004},
}

@inproceedings{pl03,
author = {Adam Pease and John Li},
title = {{Agent-Mediated Knowledge Engineering Collaboration}},
year = {2003},
booktitle = {{Proceedings of the AAAI 2003 Spring Symposium on Agent-Mediated 
Knowledge Management}},
}

@incollection{pf04,
address = {Czech Republic},
author = {Adam Pease and Christiane Fellbaum},
booktitle = {{Proceedings of the Second International WordNet Conference 
(GWC 2004)}},
editor = {Petr Sojka and Karel Pala and Pavel Smrz and Christiane Fellbaum and 
Piek Vossen},
pages = {187-192},
publisher = {Masaryk University Brno},
title = {{Language to Logic Translation with PhraseBank}},
year = {2004},
}

@inproceedings{pm03,
address = {Beijing, China},
author = {Adam Pease and William Murray},
booktitle = {{Proceedings of the 2003 IEEE International Conference on Natural 
Language Processing and Knowledge Engineering}},
pages = {777-783},
title = {{An English to Logic Translator for Ontology-based Knowledge 
Representation Languages}},
year = {2003},
}

@article{p03,
author = {Adam Pease},
journal = {Working Notes of the IJCAI-2003 Workshop on Ontology and Distributed 
Systems},
title = {{The Sigma Ontology Development Environment}},
volume = {71},
year = {2003},
}

@inproceedings{np03,
author = {Ian Niles and Adam Pease},
booktitle = {{Proceedings of the IEEE International Conference on Information 
and Knowledge Engineering}},
pages = {412-416},
title = {{Linking Lexicons and Ontologies: Mapping WordNet to the Suggested 
Upper Merged Ontology}},
year = {2003},
}

@inproceedings{mps03,
address = {Sydney},
author = {William Murray and Adam Pease and Michelle Sams},
booktitle = {{Proceedings of the 11th International Conference on Artificial 
Intelligence in Education (AIED) conference}},
pages = {349-356},
publisher = {IOS Publications},
title = {{Applying Formal Methods and Representations in a Natural Language 
Tutor to Teach Tactical Reasoning}},
year = {2003},
}

@inproceedings{p03-2,
author = {Adam Pease},
title = {{Mapping Linguistic Elements to Logical Expressions}},
booktitle = {{Workshop on Ontological Knowledge and Linguistic Coding, at the 
25th annual meeting of the German Linguistics Society (Deutsche Gesellschaft 
fur Sprachwissenschaft)}},
year = {2003},
}

@unpublished{p02,
author = {Adam Pease},
publisher = {DAML.org},
title = {{Why Use DAML?}},
year = {2002},
note = {unpublished web document},
}

@incollection{pnl02,
author = {Adam Pease and Ian Niles and John Li},
booktitle = {{Working Notes of the AAAI-2002 Workshop on Ontologies and the 
Semantic Web}},
title = {{The Suggested Upper Merged Ontology: A Large Ontology for the 
Semantic Web and its Applications}},
year = {2002},
publisher = {AAAI Press},
}

@inproceedings{pn02,
address = {Las Vegas, NV},
author = {Adam Pease and Ian Niles},
booktitle = {{Proceedings of the IEEE 2002 International Conference on 
Information and Knowledge Engineering}},
pages = {3-7},
title = {{Practical Semiotics: A Formal Theory}},
year = {2002},
}

@article{pn02-2,
author = {Adam Pease and Ian Niles},
journal = {Knowledge Engineering Review, Special Issue on Ontologies and 
Agents},
title = {{IEEE Standard Upper Ontology: A Progress Report}},
volume = {17},
year = {2002},
}

@incollection{plg01,
  author = {Adam Pease and Ray Liuzzi and David Gunning}, 
  year = {2001}, 
  title = {Knowledge Bases}, 
  booktitle = {{Encyclopedia of Software Engineering, Second Edition}},
  editor = {J Marciniak}, 
  publisher = {Wiley \& Sons}, 
  address = {New York},
}

@inproceedings{p01,
author = {Adam Pease},
title = {{Evaluation of Intelligent Systems: The High Performance Knowledge 
Bases and IEEE Standard Upper Ontology Projects}},
booktitle = {{Proceedings of the 2001 workshop on Measuring Performance and 
Intelligence Of Intelligent Systems (PERMIS 2001)}},
year = {2001},
}

@inproceedings{np01,
author = {Ian Niles and Adam Pease},
booktitle = {{Proceedings of the 2nd International Conference on Formal 
Ontology in Information Systems (FOIS-2001)}},
editor = {Chris Welty and Barry Smith},
title = {{Toward a Standard Upper Ontology}},
pages = {2--9},
year = {2001},
}

@inproceedings{np01-2,
author = {Ian Niles and Adam Pease},
booktitle = {{Working Notes of the IJCAI-2001 Workshop on the IEEE Standard 
Upper Ontology}},
title = {{Origins of the IEEE Standard Upper Ontology}},
year = {2001},
publisher = {AAAI Press},
}

@inproceedings{hp01,
author = {Jay Halcomb and Adam Pease},
booktitle = {{Working Notes of the AAAI Spring Symposium 2001 Workshop on 
Answer Set Programming}},
title = {{On treating negation within XSB (and upon extending XSB programming 
with a form of logical negation, and its relations to existing varieties of 
logic programming)}},
year = {2001},
publisher = {AAAI Press},
}

@incollection{pclf00,
address = {San Mateo, CA},
author = {Adam Pease and Vinay Chaudhri and Fritz Lehmann and Adam Farquhar},
booktitle = {{KR-2000: Proceedings of the Conference on Knowledge 
Representation and Reasoning}},
editor = {Anthony Cohn and Fausto Giunchiglia and Bart Selman},
publisher = {Morgan Kaufmann},
title = {{Practical Knowledge Representation and the DARPA High Performance 
Knowledge Bases Project}},
year = {2000},
}

@techreport{lcp00,
author = {John Li and Cleo Condoravdi and Adam Pease},
type = {Technical report},
title = {{From Visual to Logical Representation: A GIS-Based Sketching Tool for 
Reasoning about Plans}},
institution = {Teknowledge},
year = {2000},
}

@inproceedings{ccas99,
address = {Menlo Park, Calif.},
author = {Paul Cohen and Vinay Chaudhri and Adam Pease and Robert Schrag},
booktitle = {{Proceedings of the Sixteenth National Conference on Artificial 
Intelligence (AAAI-1999)}},
publisher = {AAAI Press},
title = {{Does Prior Knowledge Facilitate the Development of Knowledge Based 
Systems}},
year = {1999},
}

@article{csjplsgb98,
author = {Paul Cohen and Robert Schrag and Eric Jones and Adam Pease and Albert 
Lin and Barbara Starr and David Gunning and Murray Burke},
journal = {AI Magazine},
number = {4},
title = {{The DARPA High Performance Knowledge Bases Project}},
volume = {19},
year = {1998},
}

@inproceedings{p98,
author = {Adam Pease},
title = {{The Warplan: A Method Independent Plan Schema}},
editor = {Luis de Barros and Robert Benjamins and Y. Shahar and Austin Tate and
 Andre Valente},
booktitle = {{Proceedings of the AIPS 1998 Workshop on Knowledge Engineering 
and Acquisition for Planning}},
year = {1998},
unidentified = {WS-98-03},
}

@techreport{p98-2,
author = {Adam Pease},
institution = {Teknowledge},
month = {March},
title = {{Using Large Ontologies to Enable Semantic Interoperability of Problem
 Solvers}},
year = {1998},
}

@inproceedings{pc97,
author = {Adam Pease and Todd Carrico},
booktitle = {{Proceedings of the AAAI Spring Symposium on Ontological 
Engineering}},
title = {{JTF-ATD Core Plan Representation: A Progress Report}},
publisher = {AAAI Press},
year = {1997},
}

@techreport{pc97-2,
author = {Adam Pease and Todd Carrico},
title = {{Object Modelling Working Group Core Plan Representation}},
institution = {Armstrong Labs},
type = {Technical Report},
year = {1997},
}

@inproceedings{p95,
author = {Adam Pease},
booktitle = {{Proceedings of AIAA Computing in Aerospace 10}},
title = {{Case-MIDAS: A Reactive Planning Architecture for the Man-machine 
Interactive Design and Analysis System}},
year = {1995},
}

@inproceedings{pp93,
author = {Adam Pease and James Proffitt},
booktitle = {{Proceedings of IEEE Oceans 1993}},
title = {{The Signal Loss Advisor: A Knowledge Based Command Decision Aid}},
year = {1993},
}

@inproceedings{pp92,
author = {James Proffitt and Adam Pease},
booktitle = {{Proceedings of the 9th Annual Conference on Command and Control
Decision Aids}},
title = {{A Knowledge Based Approach to Signal Loss Analysis}},
year = {1992},
}

@article{bdgmgnp91,
author = {Lee Becker and James Duckworth and Peter Green and William Michalson 
and David Gosselin and Krishan Nainani and Adam Pease},
journal = {NASA Contractor Report 187505},
title = {{Translating Expert System Rules into Ada Code with Validation and 
Verification}},
year = {1991},
}

@book{p90,
author = {Adam Pease},
publisher = {Worcester Polytechnic Institute},
title = {{Evidence Flow Graph Representations for Expert Systems}},
type = {MS Thesis},
year = {1990},
}

@inproceedings{bd89,
author = {Lee Becker and Peter Green and James Duckworth and Jayant Bhatnager 
and Adam Pease},
title = {{Evidence Flow Graphs for Verificant Validation and Testing}},
booktitle = {{Proceedings of the IJCAI workshop on Verification and 
Validation}},
year = {1989},
}

@inproceedings{Pease2019,
author={Adam Pease},
year={2019},
title={Arithmetic and Inference in a Large Theory}, 
booktitle={AI in Theorem Proving}
}

@Article{Schulz:AICOM-2002,
  author = 	 {S. Schulz},
  title = 	 {{E -- A Brainiac Theorem Prover}},
  journal = 	 {Journal of AI Communications},
  year = 	 {2002},
  OPTkey = 	 {},
  volume =	 {15},
  number =	 {2/3},
  pages =	 {111--126},
  OPTmonth = 	 {},
  note =	 {},
  annote = 	 {StS},
}

@article{BenzLEO2008,
 author = "Christoph Benzm{\"u}ller and Laurence Paulson and Frank Theiss and A. Fietzke",
 title = "(2008)",
 journal = "LEO-{II} - {A} {Cooperative} {Automatic} {Theorem} {Prover} for {Higher}-{Order} {Logic}. {In} {Proceedings} of the {Fourth} {International} {Joint} {Conference} on {Automated} {Reasoning} ({IJCAR}'08), {LNAI} volume",
 volume = "5195",
 pages = "162--170",
 year = 2008
}

@article{10.5555/1143139.1143142,
author = {Sutcliffe, Geoff and Suttner, Christian},
title = {The State of CASC},
year = {2006},
issue_date = {January 2006},
publisher = {IOS Press},
address = {NLD},
volume = {19},
number = {1},
issn = {0921-7126},
abstract = {The CADE ATP System Competition (CASC) is an annual evaluation of fully automatic, first order Automated Theorem Proving systems - the world championship for such systems. This paper captures the state of CASC after CASC-20, the tenth CASC, held in 2005. It provides a summarized history of CASC, details of the current design of the competition, observations and discussion of the effects of CASC on ATP, lessons learnt during CASC, and remarks regarding the past, present, and future of CASC.},
journal = {AI Commun.},
month = jan,
pages = {35–48},
numpages = {14},
keywords = {automated theorem proving, competition}
}

@inproceedings{Wang2020,
author = {Qingxiang Wang and Chad E. Brown and Cezary Kaliszyk and Josef Urban},
title = {Exploration of neural machine translation in autoformalization of mathematics in mizar},
booktitle = {CPP}, 
pages = "85--98",
year = 2020,
publisher = {ACM}
}

@article{BenzLEO2008,
 author = "Christoph Benzm{\"u}ller and Laurence Paulson and Frank Theiss and A. Fietzke",
 title = "(2008)",
 journal = "LEO-{II} - {A} {Cooperative} {Automatic} {Theorem} {Prover} for {Higher}-{Order} {Logic}. {In} {Proceedings} of the {Fourth} {International} {Joint} {Conference} on {Automated} {Reasoning} ({IJCAR}'08), {LNAI} volume",
 volume = "5195",
 pages = "162--170",
 year = 2008
}

@article{PeaseArxiv2023,
  author    = {Adam Pease},
  title     = {{Converting the Suggested Upper Merged Ontology to Typed First-order Form}},
  volume    = {submit/4768189},
  year      = {2023},
  url       = {http://arxiv.org/submit/4768189},
}

@article{bpu23,
  author    = {Chad Brown and Adam Pease and Josef Urban},
  title     = {{Translating SUMO-K to Higher-Order Set Theory}},
  volume    = {submit/4892900},
  publisher = {arXiv},
  year      = {2023},
}
