@Book{ATPbook,
author={Stephan Schulz and Adam Pease},
year={2023},
title="First-Order Deduction – A Practical Introduction (in preparation)",
}

@InProceedings{AITP2022a,
author="Chad Brown and Adam Pease and Josef Urban",
title={{Embedding SUMO into Set Theory, AI in Theorem Proving (Abstract)}}, 
year={2022},
booktitle="In Proceedings of AI in Theorem Proving (AITP2022)",
}

@InProceedings{AITP2022b,
author="Zarathustra Goertzel and Adam Pease and Josef Urban",
title={{Project Proposal: Formal Ethics Ontology in SUMO, AI in Theorem Proving (Abstract)}},
year={2022},
booktitle="In Proceedings of AI in Theorem Proving (AITP2022)",
}


@InProceedings{FLAIRS2022,
author={Adam Pease and Stephan Schulz},
title={{Contradiction Detection and Repair in Large Theories}},
booktitle={{Proceedings of FLAIRS-35}},
volume={35},
year={2022}
}

@InProceedings{AITP2021,
author={Adam Pease and Paulo Santos and Alexandre Rademaker},
year={2021},
title={{A Corpus of Spatial Reasoning Problems (abstract)}}, 
booktitle="In Proceedings of AI in Theorem Proving (AITP2021)",
}

@InProceedings{CLAR2021,
author={Pease, Adam},
year={2021},
title={{Choosing a Logic to Represent the Semantics of Natural Language}},
booktitle="In Proceedings of the 4th International Conference on Logic and Argumentation (CLAR2021).",
}

@InProceedings{ThEdu,
author={Adam Pease and Stephan Schulz},
year={2021},
title={{Learning Theorem Proving by Example - Implementing JavaRes}}, 
booktitle="Proceedings of the ThEdu workshop at CADE-28.",
}

@article{Schmidt,
author="Daniella Schmidt and Giuseppe Guizzardi and Adam Pease and Cassia Trojahn and Renata Vieira",
year={2022},
title={{Foundational Ontologies meet Ontology Matching: A Survey}},
volume={13},
number={4},
pages={685--704},
journal="Semantic Web Journal",
}

@InProceedings{IJCARPease,
author="Pease, Adam",
editor="Peltier, Nicolas
and Sofronie-Stokkermans, Viorica",
title={{A Programmer's Text Editor for a Logical Theory: The SUMOjEdit Editor (System Description)}},
booktitle="Automated Reasoning",
year="2020",
publisher="Springer International Publishing",
address="Cham",
pages="472--479",
isbn="978-3-030-51054-1"
}

@InProceedings{IJCARSchulz,
author="Schulz, Stephan
and Pease, Adam",
editor="Peltier, Nicolas
and Sofronie-Stokkermans, Viorica",
title="Teaching Automated Theorem Proving by Example: PyRes 1.2",
booktitle="Automated Reasoning",
year="2020",
publisher="Springer International Publishing",
address="Cham",
pages="158--166",
isbn="978-3-030-51054-1"
}

@inproceedings{CEURSchmidt,
author={Daniela Schmidt and Adam Pease and Cassia Trojahn and Renata Vieira}, 
year={2019},
title={{Aligning Conference ontologies with SUMO: a report on manual alignment via WordNet}},
booktitle={{CEUR Workshop proceedings}},
volume={2518}
}

@inproceedings{Tessa,
author={Alexandre Tessarollo and Alexandre Rademaker and Adam Pease}, 
year={2019},
title={{Extending SUMO to Geological Times}}, 
booktitle={{ONTOBRAS 2019: 12th Seminar on Ontology Research in Brazil}},
}

@inproceedings{Toth,
author={Jelena Mitrovic and Adam Pease Michael Granitzer},
year={2019},
title={{Modeling Legal Terminology in SUMO}}, 
booktitle={{Proceedings of Terminology and Ontology: Theory and Applications (TOTh 2019)}},
}

@inproceedings{AITP,
author={Adam Pease}, 
year={2019},
title = {{Arithmetic and Inference in a Large Theory (extended abstract)}},
booktitle={{AI in Theorem Proving (AITP-2019)}}
}

@inproceedings{Nunes,
author={Daniel Nunes and Lorenzo Ferreira and Paulo Santos and Adam Pease}, 
year={2019},
title={{Representation and Retrieval of Images by Means of Spatial Relations Between Objects}}, 
booktitle={{Proceedings of AAAI-SSS-19}},
}

@inproceedings{LREC,
author={Adam Pease and Chu-Ren Huang}, 
year={2018},
title={{Ontology and Synesthesia: Language, Sense and the Conceptual Inventory}}, 
booktitle={{Proceedings of 1st Workshop on Linguistic and Neuro-Cognitive Resources (LiNCR) at LREC}}
}


@article{pcc18,
title = {{Formal Ontology for Discourse Analysis of a Corpus of Legal Interpreting}},
journal={{Babel, The Journal of Interpreting}},
year = {2018},
volume={64},
number={4},
author = {Adam Pease and Jennifer Cheung and Andrew Cheung},
}

@inproceedings{PeaseCheung2018WordNet,
author={Adam Pease and Andrew Kay-Fan Cheung}, 
year={2018},
title={Toward A Semantic Concordancer},
booktitle={Proceedings of the 2018 Global WordNet Conference, to appear},
address={Singapore}
}

@inproceedings{DBLP:conf/cade/0001,
  author    = {Stephan Schulz and Geoff Sutcliffe and Josef Urban and Adam Pease},
  title     = {Detecting Inconsistencies in Large First-Order Knowledge Bases},
  booktitle = {Automated Deduction - {CADE} 26 - 26th International Conference on
               Automated Deduction, Gothenburg, Sweden, August 6-11, 2017, Proceedings},
  pages     = {310--325},
  year      = {2017},
}

@inProceedings{cp16,
author={Qingqing Cai and James Gung and Maochen Guan and Gerald Kurlandski and Adam Pease},
year = {2016},
title={{Word Substitution in Short Answer Extraction: A WordNet-based Approach}}, 
booktitle={{Proceedings of the Eighth Global WordNet Conference}}, 
editor={Verginica Barbu Mititelu and Corina Forascu and Christiane Fellbaum and Piek Vossen}, 
pages={66--73}
}

@article{rp16,
author={Steven Reed and Adam Pease},
title={{Reasoning from Imperfect Knowledge}},
volume={41},
pages={56--72},
publisher={Elsevier},
journal={Cognitive Systems Research},
year={2016}
}

@article{rp15,
author={Steven Reed and Adam Pease},
title={{A framework for constructing cognition ontologies using WordNet, FrameNet and SUMO}},
journal={{Cognitive Systems Research}},
volume={33},
pages={122--144},
publisher={{Elsevier}},
year={2015}
}

@misc{peaseThesis,
title={{Formal Ontology for Linguistic Semantics}},
type={{Doctoral Dissertation}},
year={2014},
school={{Hong Kong Polytechnic University}},
author={{Adam Pease}}
}



 @comment{ Quattri, F., Pease, A., McCrae, J., (2014). Default Physical 
           Measurements in SUMO Proceedings of the 4th Workshop on Cognitive 
           Aspects of the Lexicon (CogALex), Dublin, Ireland, pp 138--143. }
@inproceedings{quattri2014default,
 author = "Quattri, F. and Pease, A. and McCrae, J.",
 title = "Default Physical Measurements in {SUMO}",
 booktitle = "Proceedings of the 4th Workshop on Cognitive Aspects of the Lexicon ({CogALex})",
 address = "Dublin, {Ireland}", 
 pages= "138--143",
 year = 2014
}


@inProceedings{ps14,
author={{Adam Pease and Stephan Schulz}}, 
year={2014},
title={{Knowledge Engineering for Large Ontologies with Sigma KEE 3.0}},
booktitle={{The International Joint Conference on Automated Reasoning}}
} 

@book{p18,
author = {Adam Pease},
publisher = {Springer-Verlag},
title = {{Ontology: A Practical Guide (2nd edition), to appear}},
year = {2018},
}

@misc{PeaseCheungCheung2014-2,
title = {{Formalizing Translation Gaps: Using Ontology as a Language-Independent 
Tool for Classification in a Legal Interpreting Corpus, to appear.}},
year = {2014},
author = {Adam Pease and Jennifer Cheung and Andrew Cheung},
}

@misc{BondEtAl2014,
title = {{A Multilingual Lexico-Semantic Database and Ontology}},
year = {2014},
author = {Francis Bond and Christiane Fellbaum and Shu-Kai Hsieh and Chu-Ren 
Huang and Adam Pease and Piek Vossen},
booktitle={{Towards the Multilingual Semantic Web}},
publisher={Springer},
editor={Paul Buitelaar and Philipp Cimiano},
}

@inproceedings{CheungPeaseCheung2014,
author = {Jennifer Cheung and Adam Pease and Andrew Cheung},
year = {2014},
title = {{Translation of First Person Pronouns in a Legal Corpus: A Contrary 
Study (Abstract)}},
booktitle = {{Second Asia Pacific Corpus Linguistics Conference (APCLC 2014)}},
editor = "Winnie Cheng",
}

@inproceedings{PeaseCheungCheung2014,
author = {Adam Pease and Jennifer Cheung and Andrew Cheung},
year = {2014},
title = {{Formal Ontology for Discourse Analysis on a Legal Corpus (Abstract)}},
booktitle = {{Second Asia Pacific Corpus Linguistics Conference (APCLC 2014)}},
editor = "Winnie Cheng", 
}

@inproceedings{sp13,
author = {Michal Svarny and Adam Pease},
publisher = {Airlangga University Press},
booktitle = {{Proceedings of AsiaLex 2013}},
editor = {Deny Kwary},
title = {{A logical dictionary with granular process definitions}},
year = {2013},
}

@inproceedings{cpc13,
author = {Jennifer Cheung and Adam Pease and Andrew Cheung},
publisher = {Airlangga University Press},
booktitle = {{Proceedings of AsiaLex 2013}},
editor = {Deny Kwary},
title = {{Application of Formal Ontology to Discourse Analysis and Lexical 
Markup in Legal Interpreting}},
year = {2013},
}

@article{ac13,
author = {Adam Pease and Christoph Benzm\"{u}ller},
journal = {AI Communications},
pages = {9-97},
title = {{Sigma: An Integrated Development Environment for Logical Theories}},
volume = {26},
year = {2013},
}

@inproceedings{ac10,
address = {Lisbon, Portugal},
author = {Adam Pease and Christoph Benzm\"{u}ller},
booktitle = {{Proceedings of the ECAI 2010 Workshop on Intelligent Engineering 
Techniques for Knowledge Bases (I-KBET-2010)}},
title = {{Sigma: An Integrated Development Environment for Logical Theories}},
year = {2010},
}

@inproceedings{pln12,
address = {Matsue, Japan},
author = {Adam Pease and John Li and Karen Nomorosa},
booktitle = {{Proceedings of the 6th International Global Wordnet Conference 
(GWC2012)}},
title = {{WordNet and SUMO for Sentiment Analysis}},
year = {2012},
}

@incollection{bp12,
author = {Christoph Benzm\"{u}ller and Adam Pease},
booktitle = {{Special issue on Reasoning with context in the Semantic Web}},
editor = {Jos Lehmann, Ivan José Varzinczak and Alan Bundy},
volume = {12-13},
publisher = {Science, Services and Agents on the World Wide Web},
title = {{Higher-Order Aspects and Context in SUMO}},
year = {2012},
}

@inproceedings{sp11,
address = {Banff, Canada},
author = {Geoff Sutcliffe and Adam Pease},
booktitle = {{Proceedings of the Deep Knowledge Representation Challenge 
Workshop}},
title = {{Why is Surface Area Important to Normal Cell Function?}},
year = {2011},
}

@book{p11,
author = {Adam Pease},
publisher = {Articulate Software Press},
address = {Angwin, CA},
title = {{Ontology: A Practical Guide}},
year = {2011},
}

@article{cmop10,
author = {Jefferey Cua and Ruli Manurung and Ethel Ong and Adam Pease},
journal = {{Proceedings of the NAACL HLT 2010 Second Workshop on Computational 
Approaches to Linguistic Creativity}},
title = {{Representing Story Plans in SUMO}},
year = {2010},
}

@incollection{bp10,
address = {Edinburgh, UK},
author = {Christoph Benzm\"{u}ller and Adam Pease},
booktitle = {{Workshop on Practical Aspects of Automated Reasoning 
(PAAR-2010)}},
editor = {Boris Konev and Renate Schmidt and Stephan Schulz},
publisher = {CEUR Workshop Proceedings},
title = {{Progress in automating higher-order ontology reasoning}},
year = {2010},
}

@article{pb10,
author = {Adam Pease and Christoph Benzm\"{u}ller},
journal = {The ECAI-10 Workshop on Automated Reasoning about Context and 
Ontology Evolution},
month = {August},
title = {{Ontology Archaeology: Mining a Decade of Effort on the Suggested Upper 
Merged Ontology}},
year = {2010},
}

@article{ca10,
author = {Christoph Benzm\"{u}ller and Adam Pease},
journal = {{The ECAI-10 Workshop on Automated Reasoning about Context and 
Ontology Evolution}},
month = {August},
title = {{Reasoning with Embedded Formulas and Modalities in SUMO}},
year = {2010},
}

@incollection{pf10,
address = {Cambridge},
author = {Adam Pease and Christiane Fellbaum},
booktitle = {{Ontologies and Lexical Resources}},
editor = {Chu-Ren Huang},
publisher = {Cambridge University Press},
title = {{Formal Ontology as Interlingua: The SUMO and WordNet Linking Project 
and GlobalWordNet}},
year = {2010},
}

@incollection{pl10,
author = {Adam Pease and John Li},
booktitle = {{Theory and Applications of Ontology}},
editor = {Roberto Poli and Michael Healy and Achilles Kameas},
publisher = {Springer},
title = {{Controlled English to Logic Translation}},
year = {2010},
}

@incollection{bprd10,
address = {Mumbai, India},
author = {Anthony Borra and Adam Pease and Rachael Roxas and Shirley Dita},
booktitle = {{Principles of Construction and Application of Multilingual 
Wordnets: Proceedings of the 5th Global WordNet Conference}},
editor = {Pushpak Bhattacharyya and Christiane Fellbaum and Piek Vossen},
pages = {306-310},
publisher = {Narosa pub},
title = {{Introducing Filipino WordNet}},
year = {2010},
}

@article{psst10,
author = {Adam Pease and Geoff Sutcliffe and Nick Siegel and Steven Trac},
journal = {{AI Communications, Special issue on Practical Aspects of Automated 
Reasoning}},
number = {2-3},
pages = {137-144},
title = {{Large Theory Reasoning with SUMO at CASC}},
volume = {23},
year = {2010},
}

@inproceedings{p09,
address = {Cebu, Philippines},
author = {Adam Pease},
booktitle = {{Proceedings of the 22nd Pacific Asia Conference on Language, 
Information and Computation}},
pages = {58-64},
title = {{A Call for Executable Linguistic Research}},
year = {2008},
}

@article{mg08,
author = {Gerard de Melo and Fabian Suchanek and Adam Pease},
journal = {Proceedings of the 20th IEEE International Conference on Tools with 
Artificial Intelligence},
title = {{Integrating YAGO into the Suggested Upper Merged Ontology}},
year = {2008},
}

@inproceedings{tsp08,
author = {Steven Trac and Geoff Sutcliffe and Adam Pease},
booktitle = {{Proceedings of IJCAR '08 Workshop on Practical Aspects of 
Automated Reasoning (PAAR-2008)}},
publisher = {CEUR Workshop Proceedings},
title = {{Integration of the TPTPWorld into SigmaKEE}},
year = {2008},
}

@inproceedings{psst08,
author = {Adam Pease and Geoff Sutcliffe and Nick Siegel and Steven Trac},
booktitle = {{Proceedings of IJCAR '08 Workshop on Practical Aspects of 
Automated Reasoning (PAAR-2008)}},
publisher = {CEUR Workshop Proceedings},
title = {{The Annual SUMO Reasoning Prizes at CASC}},
year = {2008},
}

@incollection{pr08,
author = {Adam Pease and Geoffrey Rust},
booktitle = {{Semantic Web Methodologies for E-Business Applications}},
editor = {Roberto Garcia},
publisher = {IGI publishing},
title = {{Formal Ontology for Media Rights Transactions}},
year = {2008},
}

@inproceedings{pfv08,
address = {Seoul, South Korea},
author = {Adam Pease and Christiane Fellbaum and Piek Vossen},
booktitle = {{Proceedings of the CIL-18 Workshop on Linguistic Studies of 
Ontology}},
title = {{Building the Global WordNet Grid}},
year = {2008},
}

@inproceedings{ps07,
author = {Adam Pease and Geoff Sutcliffe},
booktitle = {{Proceedings of the CADE-21 workshop on Empirically Successful 
Automated Reasoning on Large Theories (ESARLT)}},
title = {{First Order Reasoning on a Large Ontology}},
year = {2007},
}

@inproceedings{effpb06,
address = {Cairo},
author = {Sabri Elkateb and Juan Farreres and Christiane Fellbaum and Adam 
Pease and William Black},
booktitle = {{Proceedings of the 6th International conference on Language 
Engineeing}},
title = {{Arabic WordNet: A Linguistic Resource with a Deep Formal Semantic 
Foundation}},
year = {2006},
}

@inproceedings{spe06,
author = {Jan Scheffczyk and Adam Pease and Michael Ellsworth},
booktitle = {{Proceedings of Formal Ontology in Information Systems 
(FOIS-2006)}},
editor = {B. Bennett and Christiane Fellbaum},
pages = {289-300},
publisher = {IOS Press},
title = {{Linking FrameNet to the Suggested Upper Merged Ontology}},
year = {2006},
}

@inproceedings{ebravpf06,
author = {Sabri Elkateb and William Black and Horatio Rodriguez and Musa 
Alkhalifa and Piek Vossen and Adam Pease and Christiane Fellbaum},
booktitle = {{Proceedings of The fifth international conference on Language 
Resources and Evaluation (LREC 2006)}},
title = {{Building a WordNet for Arabic}},
year = {2006},
}

@inproceedings{beravpf06,
address = {Choi, Fellbaum and Vossen},
author = {William Black and Sabri Elkateb and Horatio Rodriguez and Musa 
Alkhalifa and Piek Vossen and Adam Pease and Christiane Fellbaum},
booktitle = {{Proceedings of the Third International WordNet Conference}},
publisher = {Sojka},
title = {{Introducing the Arabic WordNet Project}},
year = {2006},
}

@incollection{npsz06,
author = {Matthias Nickles and Adam Pease and Andrea Schalley and Dietmar 
Zaefferer},
booktitle = {{Ontolinguistics: How Ontological Status Shapes the Linguistic 
Coding of Concepts}},
publisher = {Mouton de Gruyter},
title = {{Ontologies across disciplines}},
year = {2006},
}

@incollection{p06,
address = {New York},
author = {Adam Pease},
booktitle = {{Ontolinguistics: How Ontological Status Shapes the Linguistic 
Coding of Concepts}},
publisher = {Mouton de Gruyter},
title = {{Formal representation of concepts: The Suggested Upper Merged 
Ontology and its use in linguistics}},
year = {2006},
}

@article{gp06,
author = {Theodore Gordon and Adam Pease},
journal = {Technological Forecasting and Social Change},
pages = {321-333},
title = {{RT Delphi: An Efficient, "Round-less", Almost Real Time Delphi 
Method}},
volume = {73},
year = {2006},
}

@inproceedings{rpl04,
address = {Las Vegas, NV},
author = {James Reynolds and Adam Pease and John Li},
booktitle = {{Proceedings of the IEEE 2004 International Conference on 
Information and Knowledge Engineering}},
title = {{Analogy and Deduction for Knowledge Discovery}},
year = {2004},
}

@incollection{pl04,
address = {Stanford, CA, USA},
author = {Adam Pease and John Li},
booktitle = {{In Agent Mediated Knowledge Management International Symposium 
AMKM 2003}},
editor = {Luder van Elst and Virginia Dignum and Andreas Abecker},
title = {{Agent-Mediated Knowledge Engineering Collaboration}},
series = {Revised and Invited Papers Series: Lecture Notes in Computer Science 
Series: Lecture Notes in Artificial Intelligence},
year = {2004},
}

@inproceedings{pl03,
author = {Adam Pease and John Li},
title = {{Agent-Mediated Knowledge Engineering Collaboration}},
year = {2003},
booktitle = {{Proceedings of the AAAI 2003 Spring Symposium on Agent-Mediated 
Knowledge Management}},
}

@incollection{pf04,
address = {Czech Republic},
author = {Adam Pease and Christiane Fellbaum},
booktitle = {{Proceedings of the Second International WordNet Conference 
(GWC 2004)}},
editor = {Petr Sojka and Karel Pala and Pavel Smrz and Christiane Fellbaum and 
Piek Vossen},
pages = {187-192},
publisher = {Masaryk University Brno},
title = {{Language to Logic Translation with PhraseBank}},
year = {2004},
}

@inproceedings{pm03,
address = {Beijing, China},
author = {Adam Pease and William Murray},
booktitle = {{Proceedings of the 2003 IEEE International Conference on Natural 
Language Processing and Knowledge Engineering}},
pages = {777-783},
title = {{An English to Logic Translator for Ontology-based Knowledge 
Representation Languages}},
year = {2003},
}

@article{p03,
author = {Adam Pease},
journal = {Working Notes of the IJCAI-2003 Workshop on Ontology and Distributed 
Systems},
title = {{The Sigma Ontology Development Environment}},
volume = {71},
year = {2003},
}

@inproceedings{np03,
author = {Ian Niles and Adam Pease},
booktitle = {{Proceedings of the IEEE International Conference on Information 
and Knowledge Engineering}},
pages = {412-416},
title = {{Linking Lexicons and Ontologies: Mapping WordNet to the Suggested 
Upper Merged Ontology}},
year = {2003},
}

@inproceedings{mps03,
address = {Sydney},
author = {William Murray and Adam Pease and Michelle Sams},
booktitle = {{Proceedings of the 11th International Conference on Artificial 
Intelligence in Education (AIED) conference}},
pages = {349-356},
publisher = {IOS Publications},
title = {{Applying Formal Methods and Representations in a Natural Language 
Tutor to Teach Tactical Reasoning}},
year = {2003},
}

@inproceedings{p03-2,
author = {Adam Pease},
title = {{Mapping Linguistic Elements to Logical Expressions}},
booktitle = {{Workshop on Ontological Knowledge and Linguistic Coding, at the 
25th annual meeting of the German Linguistics Society (Deutsche Gesellschaft 
fur Sprachwissenschaft)}},
year = {2003},
}

@unpublished{p02,
author = {Adam Pease},
publisher = {DAML.org},
title = {{Why Use DAML?}},
year = {2002},
note = {unpublished web document},
}

@incollection{pnl02,
author = {Adam Pease and Ian Niles and John Li},
booktitle = {{Working Notes of the AAAI-2002 Workshop on Ontologies and the 
Semantic Web}},
title = {{The Suggested Upper Merged Ontology: A Large Ontology for the 
Semantic Web and its Applications}},
year = {2002},
publisher = {AAAI Press},
}

@inproceedings{pn02,
address = {Las Vegas, NV},
author = {Adam Pease and Ian Niles},
booktitle = {{Proceedings of the IEEE 2002 International Conference on 
Information and Knowledge Engineering}},
pages = {3-7},
title = {{Practical Semiotics: A Formal Theory}},
year = {2002},
}

@article{pn02-2,
author = {Adam Pease and Ian Niles},
journal = {Knowledge Engineering Review, Special Issue on Ontologies and 
Agents},
title = {{IEEE Standard Upper Ontology: A Progress Report}},
volume = {17},
year = {2002},
}

@incollection{plg01,
  author = {Adam Pease and Ray Liuzzi and David Gunning}, 
  year = {2001}, 
  title = {Knowledge Bases}, 
  booktitle = {{Encyclopedia of Software Engineering, Second Edition}},
  editor = {J Marciniak}, 
  publisher = {Wiley \& Sons}, 
  address = {New York},
}

@inproceedings{p01,
author = {Adam Pease},
title = {{Evaluation of Intelligent Systems: The High Performance Knowledge 
Bases and IEEE Standard Upper Ontology Projects}},
booktitle = {{Proceedings of the 2001 workshop on Measuring Performance and 
Intelligence Of Intelligent Systems (PERMIS 2001)}},
year = {2001},
}

@inproceedings{np01,
author = {Ian Niles and Adam Pease},
booktitle = {{Proceedings of the 2nd International Conference on Formal 
Ontology in Information Systems (FOIS-2001)}},
editor = {Chris Welty and Barry Smith},
title = {{Toward a Standard Upper Ontology}},
pages = {2--9},
year = {2001},
}

@inproceedings{np01-2,
author = {Ian Niles and Adam Pease},
booktitle = {{Working Notes of the IJCAI-2001 Workshop on the IEEE Standard 
Upper Ontology}},
title = {{Origins of the IEEE Standard Upper Ontology}},
year = {2001},
publisher = {AAAI Press},
}

@inproceedings{hp01,
author = {Jay Halcomb and Adam Pease},
booktitle = {{Working Notes of the AAAI Spring Symposium 2001 Workshop on 
Answer Set Programming}},
title = {{On treating negation within XSB (and upon extending XSB programming 
with a form of logical negation, and its relations to existing varieties of 
logic programming)}},
year = {2001},
publisher = {AAAI Press},
}

@incollection{pclf00,
address = {San Mateo, CA},
author = {Adam Pease and Vinay Chaudhri and Fritz Lehmann and Adam Farquhar},
booktitle = {{KR-2000: Proceedings of the Conference on Knowledge 
Representation and Reasoning}},
editor = {Anthony Cohn and Fausto Giunchiglia and Bart Selman},
publisher = {Morgan Kaufmann},
title = {{Practical Knowledge Representation and the DARPA High Performance 
Knowledge Bases Project}},
year = {2000},
}

@techreport{lcp00,
author = {John Li and Cleo Condoravdi and Adam Pease},
type = {Technical report},
title = {{From Visual to Logical Representation: A GIS-Based Sketching Tool for 
Reasoning about Plans}},
institution = {Teknowledge},
year = {2000},
}

@inproceedings{ccas99,
address = {Menlo Park, Calif.},
author = {Paul Cohen and Vinay Chaudhri and Adam Pease and Robert Schrag},
booktitle = {{Proceedings of the Sixteenth National Conference on Artificial 
Intelligence (AAAI-1999)}},
publisher = {AAAI Press},
title = {{Does Prior Knowledge Facilitate the Development of Knowledge Based 
Systems}},
year = {1999},
}

@article{csjplsgb98,
author = {Paul Cohen and Robert Schrag and Eric Jones and Adam Pease and Albert 
Lin and Barbara Starr and David Gunning and Murray Burke},
journal = {AI Magazine},
number = {4},
title = {{The DARPA High Performance Knowledge Bases Project}},
volume = {19},
year = {1998},
}

@inproceedings{p98,
author = {Adam Pease},
title = {{The Warplan: A Method Independent Plan Schema}},
editor = {Luis de Barros and Robert Benjamins and Y. Shahar and Austin Tate and
 Andre Valente},
booktitle = {{Proceedings of the AIPS 1998 Workshop on Knowledge Engineering 
and Acquisition for Planning}},
year = {1998},
unidentified = {WS-98-03},
}

@techreport{p98-2,
author = {Adam Pease},
institution = {Teknowledge},
month = {March},
title = {{Using Large Ontologies to Enable Semantic Interoperability of Problem
 Solvers}},
year = {1998},
}

@inproceedings{pc97,
author = {Adam Pease and Todd Carrico},
booktitle = {{Proceedings of the AAAI Spring Symposium on Ontological 
Engineering}},
title = {{JTF-ATD Core Plan Representation: A Progress Report}},
publisher = {AAAI Press},
year = {1997},
}

@techreport{pc97-2,
author = {Adam Pease and Todd Carrico},
title = {{Object Modelling Working Group Core Plan Representation}},
institution = {Armstrong Labs},
type = {Technical Report},
year = {1997},
}

@inproceedings{p95,
author = {Adam Pease},
booktitle = {{Proceedings of AIAA Computing in Aerospace 10}},
title = {{Case-MIDAS: A Reactive Planning Architecture for the Man-machine 
Interactive Design and Analysis System}},
year = {1995},
}

@inproceedings{pp93,
author = {Adam Pease and James Proffitt},
booktitle = {{Proceedings of IEEE Oceans 1993}},
title = {{The Signal Loss Advisor: A Knowledge Based Command Decision Aid}},
year = {1993},
}

@inproceedings{pp92,
author = {James Proffitt and Adam Pease},
booktitle = {{Proceedings of the 9th Annual Conference on Command and Control
Decision Aids}},
title = {{A Knowledge Based Approach to Signal Loss Analysis}},
year = {1992},
}

@article{bdgmgnp91,
author = {Lee Becker and James Duckworth and Peter Green and William Michalson 
and David Gosselin and Krishan Nainani and Adam Pease},
journal = {NASA Contractor Report 187505},
title = {{Translating Expert System Rules into Ada Code with Validation and 
Verification}},
year = {1991},
}

@book{p90,
author = {Adam Pease},
publisher = {Worcester Polytechnic Institute},
title = {{Evidence Flow Graph Representations for Expert Systems}},
type = {MS Thesis},
year = {1990},
}

@inproceedings{bd89,
author = {Lee Becker and Peter Green and James Duckworth and Jayant Bhatnager 
and Adam Pease},
title = {{Evidence Flow Graphs for Verificant Validation and Testing}},
booktitle = {{Proceedings of the IJCAI workshop on Verification and 
Validation}},
year = {1989},
}


